<?xml version="1.0" encoding="UTF-8"?>
  <record xmlns="http://www.loc.gov/MARC21/slim" type="Authority">
    <leader>00000nz  a2200000nc 4500</leader>
    <controlfield tag="001">118556150</controlfield>
    <controlfield tag="003">DE-101</controlfield>
    <controlfield tag="005">20220721175545.0</controlfield>
    <controlfield tag="008">880701n||azznnaabn           | aaa    |c</controlfield>
    <datafield tag="024" ind1="7" ind2=" ">
      <subfield code="a">118556150</subfield>
      <subfield code="0">http://d-nb.info/gnd/118556150</subfield>
      <subfield code="2">gnd</subfield>
    </datafield>
    <datafield tag="035" ind1=" " ind2=" ">
      <subfield code="a">(DE-101)118556150</subfield>
    </datafield>
    <datafield tag="035" ind1=" " ind2=" ">
      <subfield code="a">(DE-588)118556150</subfield>
    </datafield>
    <datafield tag="035" ind1=" " ind2=" ">
      <subfield code="z">(DE-588)1089122357</subfield>
    </datafield>
    <datafield tag="035" ind1=" " ind2=" ">
      <subfield code="z">(DE-588a)118556150</subfield>
      <subfield code="9">v:zg</subfield>
    </datafield>
    <datafield tag="035" ind1=" " ind2=" ">
      <subfield code="z">(DE-588c)4027879-7</subfield>
      <subfield code="9">v:zg</subfield>
    </datafield>
    <datafield tag="040" ind1=" " ind2=" ">
      <subfield code="a">DE-101</subfield>
      <subfield code="c">DE-101</subfield>
      <subfield code="9">r:DE-101</subfield>
      <subfield code="b">ger</subfield>
      <subfield code="d">9999</subfield>
    </datafield>
    <datafield tag="042" ind1=" " ind2=" ">
      <subfield code="a">gnd1</subfield>
    </datafield>
    <datafield tag="043" ind1=" " ind2=" ">
      <subfield code="c">XA-RU</subfield>
    </datafield>
    <datafield tag="065" ind1=" " ind2=" ">
      <subfield code="a">16.5p</subfield>
      <subfield code="2">sswd</subfield>
    </datafield>
    <datafield tag="075" ind1=" " ind2=" ">
      <subfield code="b">p</subfield>
      <subfield code="2">gndgen</subfield>
    </datafield>
    <datafield tag="075" ind1=" " ind2=" ">
      <subfield code="b">piz</subfield>
      <subfield code="2">gndspec</subfield>
    </datafield>
    <datafield tag="079" ind1=" " ind2=" ">
      <subfield code="a">g</subfield>
      <subfield code="q">s</subfield>
      <subfield code="q">a</subfield>
      <subfield code="q">f</subfield>
      <subfield code="q">e</subfield>
      <subfield code="u">v</subfield>
      <subfield code="u">w</subfield>
      <subfield code="u">o</subfield>
    </datafield>
    <datafield tag="100" ind1="0" ind2=" ">
      <subfield code="a">Iwan</subfield>
      <subfield code="b">IV.</subfield>
      <subfield code="c">Russland, Zar</subfield>
      <subfield code="d">1530-1584</subfield>
    </datafield>
    <datafield tag="400" ind1="0" ind2=" ">
      <subfield code="a">Ivan</subfield>
      <subfield code="c">Groznyi</subfield>
      <subfield code="d">1530-1584</subfield>
    </datafield>
    <datafield tag="400" ind1="0" ind2=" ">
      <subfield code="a">Ivan</subfield>
      <subfield code="b">IV.</subfield>
      <subfield code="c">Russia, Tsar</subfield>
      <subfield code="d">1530-1584</subfield>
    </datafield>
    <datafield tag="400" ind1="0" ind2=" ">
      <subfield code="a">Ivan</subfield>
      <subfield code="b">IV.</subfield>
      <subfield code="c">Russland, Kaiser</subfield>
      <subfield code="d">1530-1584</subfield>
    </datafield>
    <datafield tag="400" ind1="0" ind2=" ">
      <subfield code="a">Ivan</subfield>
      <subfield code="b">IV.</subfield>
      <subfield code="c">Russland, Zar</subfield>
      <subfield code="d">1530-1584</subfield>
    </datafield>
    <datafield tag="400" ind1="0" ind2=" ">
      <subfield code="a">Ivan</subfield>
      <subfield code="c">the Terrible</subfield>
      <subfield code="d">1530-1584</subfield>
    </datafield>
    <datafield tag="400" ind1="0" ind2=" ">
      <subfield code="a">Ivan</subfield>
      <subfield code="c">Vasilʹevič</subfield>
      <subfield code="d">1530-1584</subfield>
    </datafield>
    <datafield tag="400" ind1="0" ind2=" ">
      <subfield code="a">Ivan Vasilʹevič</subfield>
      <subfield code="b">IV.</subfield>
      <subfield code="c">Russland, Zar</subfield>
      <subfield code="d">1530-1584</subfield>
    </datafield>
    <datafield tag="400" ind1="0" ind2=" ">
      <subfield code="a">Iwan</subfield>
      <subfield code="b">IV.</subfield>
      <subfield code="c">Moskau, Großfürst</subfield>
      <subfield code="d">1530-1584</subfield>
    </datafield>
    <datafield tag="400" ind1="0" ind2=" ">
      <subfield code="a">Iwan Wassiljewitsch</subfield>
      <subfield code="b">IV.</subfield>
      <subfield code="c">Russland, Zar</subfield>
      <subfield code="d">1530-1584</subfield>
    </datafield>
    <datafield tag="400" ind1="0" ind2=" ">
      <subfield code="a">Iwan Basiliewiz</subfield>
      <subfield code="b">IV.</subfield>
      <subfield code="c">Russland, Zar</subfield>
      <subfield code="d">1530-1584</subfield>
    </datafield>
    <datafield tag="400" ind1="0" ind2=" ">
      <subfield code="a">Ioann</subfield>
      <subfield code="c">Groznyj</subfield>
      <subfield code="d">1530-1584</subfield>
    </datafield>
    <datafield tag="400" ind1="0" ind2=" ">
      <subfield code="a">Joann</subfield>
      <subfield code="c">Groznyj</subfield>
      <subfield code="d">1530-1584</subfield>
    </datafield>
    <datafield tag="400" ind1="0" ind2=" ">
      <subfield code="a">Joannes</subfield>
      <subfield code="c">Groznyj</subfield>
      <subfield code="d">1530-1584</subfield>
    </datafield>
    <datafield tag="400" ind1="0" ind2=" ">
      <subfield code="a">Joannes</subfield>
      <subfield code="b">IV.</subfield>
      <subfield code="c">Russland, Zar</subfield>
      <subfield code="d">1530-1584</subfield>
    </datafield>
    <datafield tag="400" ind1="0" ind2=" ">
      <subfield code="a">Johannes</subfield>
      <subfield code="c">Terribilis</subfield>
      <subfield code="d">1530-1584</subfield>
    </datafield>
    <datafield tag="400" ind1="0" ind2=" ">
      <subfield code="a">Ivan</subfield>
      <subfield code="b">IV.</subfield>
      <subfield code="c">Rossija, Carʹ</subfield>
      <subfield code="d">1530-1584</subfield>
    </datafield>
    <datafield tag="400" ind1="0" ind2=" ">
      <subfield code="a">Ivan</subfield>
      <subfield code="c">der Schreckliche</subfield>
      <subfield code="d">1530-1584</subfield>
    </datafield>
    <datafield tag="400" ind1="0" ind2=" ">
      <subfield code="a">Ivan</subfield>
      <subfield code="c">Groznyj</subfield>
      <subfield code="d">1530-1584</subfield>
    </datafield>
    <datafield tag="400" ind1="0" ind2=" ">
      <subfield code="a">Iwan</subfield>
      <subfield code="c">der Schreckliche</subfield>
      <subfield code="d">1530-1584</subfield>
    </datafield>
    <datafield tag="400" ind1="0" ind2=" ">
      <subfield code="a">Ivan</subfield>
      <subfield code="b">IV</subfield>
      <subfield code="c">Rossijskij car</subfield>
      <subfield code="d">1530-1584</subfield>
    </datafield>
    <datafield tag="400" ind1="0" ind2=" ">
      <subfield code="a">Ivan Vasilʹevič IV</subfield>
      <subfield code="d">1530-1584</subfield>
    </datafield>
    <datafield tag="400" ind1="0" ind2=" ">
      <subfield code="a">Ivan</subfield>
      <subfield code="b">4</subfield>
      <subfield code="c">Russland ; Zar</subfield>
      <subfield code="d">1530-1584</subfield>
    </datafield>
    <datafield tag="400" ind1="0" ind2=" ">
      <subfield code="a">Ivan</subfield>
      <subfield code="b">Zar</subfield>
      <subfield code="c">Russland</subfield>
      <subfield code="d">1530-1584</subfield>
    </datafield>
    <datafield tag="400" ind1="0" ind2=" ">
      <subfield code="a">Ivan</subfield>
      <subfield code="b">IV</subfield>
      <subfield code="c">Zar von Russland</subfield>
      <subfield code="d">1530-1584</subfield>
    </datafield>
    <datafield tag="548" ind1=" " ind2=" ">
      <subfield code="a">1530-1584</subfield>
      <subfield code="4">datl</subfield>
      <subfield code="4">https://d-nb.info/standards/elementset/gnd#dateOfBirthAndDeath</subfield>
      <subfield code="w">r</subfield>
      <subfield code="i">Lebensdaten</subfield>
      <subfield code="9">v:Geburtsjahr abweichend 1540</subfield>
    </datafield>
    <datafield tag="551" ind1=" " ind2=" ">
      <subfield code="0">(DE-101)040749878</subfield>
      <subfield code="0">(DE-588)4074987-3</subfield>
      <subfield code="0">https://d-nb.info/gnd/4074987-3</subfield>
      <subfield code="a">Moskau</subfield>
      <subfield code="4">ortg</subfield>
      <subfield code="4">https://d-nb.info/standards/elementset/gnd#placeOfBirth</subfield>
      <subfield code="w">r</subfield>
      <subfield code="i">Geburtsort</subfield>
    </datafield>
    <datafield tag="667" ind1=" " ind2=" ">
      <subfield code="a">7</subfield>
    </datafield>
    <datafield tag="667" ind1=" " ind2=" ">
      <subfield code="a">Maschinell verknuepft mit DBL-Retro-Titeldaten</subfield>
    </datafield>
    <datafield tag="667" ind1=" " ind2=" ">
      <subfield code="a">Beisp. in PR zu RSWK § 108,7,a</subfield>
    </datafield>
    <datafield tag="667" ind1=" " ind2=" ">
      <subfield code="a">VD-17</subfield>
    </datafield>
    <datafield tag="667" ind1=" " ind2=" ">
      <subfield code="a">[Quelle: GV 11/65]</subfield>
    </datafield>
    <datafield tag="667" ind1=" " ind2=" ">
      <subfield code="a">Quelle: DNB-Normdaten (Info DNB: (Geburtsjahr abweichend 1540) Land Russland (XA-RU) Geografischer Bezug Geburtsort: Moskau Weitere Angaben Duchovnoe zuveščanie; Gramoty Švedskomu korolju Ioannu III; Otvet Janu Rokite)</subfield>
    </datafield>
    <datafield tag="670" ind1=" " ind2=" ">
      <subfield code="a">Rep.Font. VI,486</subfield>
    </datafield>
    <datafield tag="670" ind1=" " ind2=" ">
      <subfield code="a">M</subfield>
    </datafield>
    <datafield tag="672" ind1=" " ind2="0">
      <subfield code="a">Brusch, Caspar: In divorum Caroli V. [...] carmine elegiaco</subfield>
      <subfield code="f">1548</subfield>
    </datafield>
    <datafield tag="672" ind1=" " ind2="0">
      <subfield code="a">Thraemer, Eduard: Biblioteka Joanna groznago</subfield>
      <subfield code="f">1891</subfield>
    </datafield>
    <datafield tag="672" ind1=" " ind2="0">
      <subfield code="a">Kurbskij, Andrej M.: Perepiska</subfield>
      <subfield code="f">1914</subfield>
    </datafield>
    <datafield tag="672" ind1=" " ind2="0">
      <subfield code="a">Ivan &lt;Rossija, Carʹ, IV.&gt;: Der Briefwechsel Iwans des Schrecklichen mit dem Fürsten Ku*</subfield>
      <subfield code="f">1921</subfield>
    </datafield>
    <datafield tag="678" ind1=" " ind2=" ">
      <subfield code="b">Duchovnoe zuveščanie; Gramoty Švedskomu korolju Ioannu III; Otvet Janu Rokite</subfield>
    </datafield>
    <datafield tag="700" ind1="1" ind2="7">
      <subfield code="a">Ivan</subfield>
      <subfield code="d">1530-1584</subfield>
      <subfield code="0">(DLC)n  50050805</subfield>
      <subfield code="2">naf</subfield>
      <subfield code="9">v:IV, ;Czar of Russia, ;1530-1584</subfield>
    </datafield>
    <datafield tag="913" ind1=" " ind2=" ">
      <subfield code="S">pnd</subfield>
      <subfield code="i">5</subfield>
      <subfield code="a">Ivan &lt;Rossija, Carʹ, IV.&gt;</subfield>
      <subfield code="0">(DE-588a)118556150</subfield>
    </datafield>
    <datafield tag="913" ind1=" " ind2=" ">
      <subfield code="S">pnd</subfield>
      <subfield code="i">5</subfield>
      <subfield code="a">Iwan &lt;Russland, Zar, IV.&gt;</subfield>
      <subfield code="0">(DE-588a)118556150</subfield>
    </datafield>
  </record>
